@book{Schoen:book,
   author = "Donald A. Sch{\"{o}}n",
   title = "The Reflective Practitioner",
   publisher = "Basic Books",
   year = 1983
}

@book{Fullerton,
   author = "Tracy Fullerton",
   title = "Game Design Workshop",
   edition = "2nd",
   publisher = "Morgan Kaufmann",
   year = 2008
}

@article{Sigman:Gamasutra,
   author = "Tyler Sigman",
   title = "The Siren Song of the Paper Cutter: Tips and Tricks from the Trenches of Paper Prototyping",
   journal = "Gamasutra",
   month = "September 13,",
   year = 2005,
   note = "\url{http://www.gamasutra.com/view/feature/2403/}"
}

@inproceedings{NelsonMateas:AIIDE08,
   author = "Mark J. Nelson and Michael Mateas",
   title = "Recombinable Game Mechanics for Automated Design Support",
   booktitle = "Proc. 4th Artificial Intelligence and Interactive Digital Entertainment Conference (AIIDE)",
   pages = "84--89",
   year = 2008
}

@inproceedings{NelsonMateas:FDG09,
   author = "Mark J. Nelson and Michael Mateas",
   title = "A Requirements Analysis for Videogame Design Support Tools",
   booktitle = "Proc. 4th Intl. Conf. on the Foundations of Digital Games (FDG)",
   year = 2009
}

@inproceedings{Salge:Sandbox,
   author = "Christoph Salge and Christian Lipski and Tobias Mahlmann and Brigitte Mathiak",
   title = "Using Genetically Optimized Artificial Intelligence to Improve Gameplaying Fun for Strategical Games",
   booktitle = "Proc. Sandbox 2008 ACM SIGGRAPH Videogame Symposium",
   year = 2008,
   pages = "7--14"
}

@inproceedings{Mirjam:MMO,
   author = "Mirjam Palosaari Eladhari and Michael Mateas",
   title = "Semi-Autonomous Avatars in {W}orld of {M}inds: A Case Study of {AI}-Based Game Design",
   booktitle = "Proc. 2008 Intl. Conf. on Advances in Computer Entertainment (ACE)",
   year = 2008,
   pages = "201--208"
}

@inproceedings{Niedenthal:DiGRA,
   author = "Simon Niedenthal",
   title = "Real-Time Sweetspot: The Multiple Meanings of Game Company Playtests",
   booktitle = "Proc. 2007 Digital Games Research Association Conference (DiGRA)",
   year = 2007,
   pages = "697--702"
}

@book{theoryoffun,
   author = "Raph Koster",
   title = "A Theory of Fun for Game Design",
   publisher = "Paraglyph",
   year = 2004
}

@inproceedings{Juul:Gameness,
   author = "Jesper Juul",
   title = "The Game, the Player, the World: Looking for a Heart of Gameness",
   booktitle = "Proc. 2003 Digital Games Research Association Conference (DiGRA)",
   year = 2003,
   pages = "30--45"
}

@book{SalenZimmerman,
   author = "Katie Salen and Eric Zimmerman",
   title = "Rules of Play",
   publisher = "MIT Press",
   year = 2004
}

@inproceedings{BIPEDfull,
   author = "Adam M. Smith and Mark J. Nelson and Michael Mateas",
   title = "Computational Support for Play Testing Game Sketches",
   booktitle = "Proc. 5th Artificial Intelligence and Interactive Digital Entertainment Conference (AIIDE)",
   year = 2009  
}
