@article{GGP,
   author = "Michael Genesereth",
   title = "General Game Playing: Overview of the {AAAI} Competition",
   journal = "AI Magazine",
   volume = 26,
   number = 2,
   pages = "62--72",
   year = 2005
}

@techreport{GDL,
   author = "Nathaniel Love and Timothy Hinrichs and David Haley and Eric Schkufza and Michael Genesereth",
   title = "General Game Playing: Game Description Language Specification",
   institution = "Stanford Logic Group",
   number = "LG-2006-01",
   year = 2006
}

@book{Adams,
   author = "Ernest Adams",
   title = "Fundamentals of Game Design",
   publisher = "New Riders",
   year = 2009
}

@book{Fullerton,
   author = "Tracy Fullerton",
   title = "Game Design Workshop",
   publisher = "Morgan Kaufmann",
   year = 2008
}

@book{Shanahan:inertia,
   author = "Murray Shanahan",
   title = "Solving the Frame Problem: A Mathematical Investigation of the Common Sense Law of Inertia",
   publisher = "MIT Press",
   year = 1997
}

@book{Mueller:book,
   author = "Erik T. Mueller",
   title = "Commonsense Reasoning",
   publisher = "Morgan Kaufmann",
   year = 2006
}

@article{DEC,
   author = "Erik T. Mueller",
   title = "Event calculus reasoning through satisfiability",
   journal = "Journal of Logic and Computation",
   volume = 14,
   number = 5,
   pages = "703--730",
   year = 2004
}

@article{Blow:Harder,
   author = "Jonathan Blow",
   title = "Game Development: Harder Than You Think",
   journal = "ACM Queue",
   volume = 1,
   number = 10,
   pages = "28--37",
   year = 2004
}

@inproceedings{Shanahan:ramification,
   author = "Murray Shanahan",
   title = "The Ramification Problem in the Event Calculus",
   booktitle = "Proc. 16th Intl. Joint Conference on Artificial Intelligence",
   year = 1999,
   pages = "140--146"
}

@inproceedings{McCarthy:elaboration,
   author = "John McCarthy",
   title = "Elaboration Tolerance",
   booktitle = "Proc. 4th Symposium on Logical Formalizations of Commonsense Reasoning",
   year = 1998
}

@inproceedings{FDG09-omitted,
   author = "Mark J. Nelson and Michael Mateas",
   title = "A Requirements Analysis for Videogame Design Support Tools",
   booktitle = "Proc. 4th Intl. Conference on the Foundations of Digital Games",
   year = 2009,
   pages = "137--144"
}
@misc{FDG09,
   author = "O\textsc{mitted}",
   title = "Omitted for Blind Review",
   year = 2009
}

@inproceedings{Togelius:Experiment,
   author = "Julian Togelius and Juergen Schmidhuber",
   title = "An Experiment in Automatic Game Design",
   booktitle = "Proc. 2008 {IEEE} Symposium on Computational Intelligence and Games",
   pages = "111--118",
   year = 2008
}

@article{Progol,
   author = "Stephen Muggleton",
   title = "Inverse Entailment and {P}rogol",
   journal = "New Generation Computing Journal",
   volume = 13,
   pages = "245--286",
   year = 1995
}

@inproceedings{ECILP,
   author = "Stephen Moyle and Stephen Muggleton",
   title = "Learning Programs in the Event Calculus",
   booktitle = "Proc. 7th Intl. Workshop on Inductive Logic Programming",
   pages = "205--212",
   year = 1997
}

@inproceedings{ECASP,
   author = "Tae-Won Kim and Joohyung Lee and Ravi Palla",
   title = "Circumscriptive Event Calculus as Answer Set Programming",
   booktitle = "Proc. 21st Intl. Joint Conference on Artificial Intelligence",
   pages = "823--829",
   year = 2009
}

@inproceedings{ASP,
   author = "Vladimir Lifschitz",
   title = "What Is Answer Set Programming?",
   booktitle = "Proc. 23rd Ntnl. Conference on Artificial Intelligence ({AAAI})",
   pages = "1594--1597",
   year = 2008
}

@inproceedings{Gillian:FDG09,
   author = "Gillian Smith and Mike Treanor and Jim Whitehead and Michael Mateas",
   title = "Rhythm-based Level Generation for {2D} Platformers",
   booktitle = "Proc. 4th Intl. Conference on the Foundations of Digital Games",
   pages = "175--182",
   year = 2009
}

@inproceedings{Togelius:levels,
   author = "Julian Togelius and De Nardi, Renzo and Simon M. Lucas",
   title = "Towards Automatic Personalised Content Creation for Racing Games",
   booktitle = "Proc. 2007 {IEEE} Symposium on Computational Intelligence and Games",
   pages = "252--259",
   year = 2007
}

@inproceedings{AIIDE08-omitted,
   author = "Mark J. Nelson and Michael Mateas",
   title = "Recombinable game mechanics for automated design support",
   booktitle = "Proc. 4th Artificial Intelligence and Interactive Digital Entertainment Conference",
   year = 2008,
   pages = "84--89"
}
@misc{AIIDE08,
   author = "O\textsc{mitted}",
   title = "Omitted for Blind Review",
   year = 2008
}

@inproceedings{AIIDE09-omitted,
   author = "Adam M. Smith and Mark J. Nelson and Michael Mateas",
   title = "Computational Support for Play Testing Game Sketches",
   booktitle = "Proc. 5th Artificial Intelligence and Interactive Digital Entertainment Conference",
   year = 2009
}
@misc{AIIDE09,
   author = "O\textsc{mitted}",
   title = "Omitted for Blind Review",
   year = 2009
}

@inproceedings{Fluxplayer,
   author = "Stephan Schiffel and Michael Thielscher",
   title = "Fluxplayer: A Successful General Game Player",
   booktitle = "Proc.\ 22nd Ntnl. Conference on Artificial Intelligence (AAAI)",
   year = 2007
}

@inproceedings{ASPGDL,
   author = "Stephan Schiffel and Michael Thielscher",
   title = "Automated Theorem Proving for General Game Playing",
   booktitle = "Proc. 21st Intl. Joint Conference on Artificial Intelligence",
   pages = "911--916",
   year = 2009
}

@inproceedings{Thielscher:singleplayer,
   author = "Michael Thielscher",
   title = "Answer Set Programming for Single-Player Games in General Game Playing",
   booktitle = "Proc.\ 25th International Conference on Logic Programming",
   pages = "327--341",
   year = 2009
}

@inproceedings{ECplanning,
   author = "Murray Shanahan",
   title = "Event Calculus Planning Revisited",
   booktitle = "Proc.\ 4th European Conference on Planning",
   pages = "390--402",
   year = 1997
}

@inproceedings{TheCase,
   author = "Eike Falk Anderson and Steffen Engel and Leigh McLoughlin and Peter Comninos",
   title = "The Case for Research in Game Engine Architecture",
   booktitle = "Proc.\ FuturePlay 2008",
   year = 2008
}
